@misc{webopedia,
  key = {webopedia},
  title = {The System Boot Process Explained},
  howpublished = {\url{http://www.webopedia.com/DidYouKnow/Hardware_Software/BootProcess.asp}},
  note = {Accessed: 2016-10-12}
}

@misc{courstechinfo,
  key = {courstechinfo},
  title = {La procédure d'amorçage d'un PC},
  howpublished = {\url{http://www.courstechinfo.be/OS/Boot.html}},
  note = {Accessed: 2016-10-12}
}

@misc{engineersgarage,
  key = {engineersgarage},
  title = {How computer boots up ?},
  howpublished = {\url{http://www.engineersgarage.com/tutorials/how-computer-pc-boots-up?page=1}},
  note = {Accessed: 2016-10-12}
}

@misc{opsschool,
  key = {opsschool},
  title = {The boot process},
  howpublished = {\url{http://www.opsschool.org/en/latest/boot_process_101.html}},
  note = {Accessed: 2016-10-13}
}

@misc{wiki_reset_vector,
  key = {wiki_reset_vector},
  title = {Reset vector},
  howpublished = {\url{https://en.wikipedia.org/wiki/Reset_vector}},
  note = {Accessed: 2016-10-13}
}


@misc{wiki_FSB,
  key = {wiki_FSB},
  title = {Reset vector},
  howpublished = {\url{https://fr.wikipedia.org/wiki/Front_side_bus}},
  note = {Accessed: 2016-10-13}
}

@misc{biossetup,
  key = {biossetup},
  title = {POST Procedure},
  howpublished = {\url{http://bios-setup.org/post-procedure/}},
  note = {Accessed: 2016-10-13}
}

@misc{pcguides,
  key = {pcguides},
  title = {Troubleshooting BIOS Beep Codes},
  howpublished = {\url{http://www.pcguide.com/ts/x/sys/beep/index.htm}},
  note = {Accessed: 2016-10-13}
}

@misc{technet,
  key = {technet},
  title = {Master Boot Record},
  howpublished = {\url{https://technet.microsoft.com/en-us/library/cc976786.aspx}},
  note = {Accessed: 2016-10-13}
}

@misc{ibm,
  key = {ibm},
  title = {Inside the Linux boot process},
  howpublished = {\url{http://www.ibm.com/developerworks/library/l-linuxboot/index.html}},
  note = {Accessed: 2016-10-13}
}

@misc{redhat,
  key = {redhat},
  title = {Red Hat Enterprise Linux 3: Reference Guide},
  howpublished = {\url{https://access.redhat.com/documentation/en-US/Red_Hat_Enterprise_Linux/3/html/Reference_Guide/s1-boot-init-shutdown-sysv.html}},
  note = {Accessed: 2016-10-13}
}

@misc{linuxgazette,
  key = {linuxgazette},
  title = {How to Reset forgotten Root passwords},
  howpublished = {\url{http://linuxgazette.net/107/tomar.html}},
  note = {Accessed: 2016-10-13}
}

@misc{linuxconfig,
  key = {linuxconfig},
  title = {Recover - Reset forgotten linux root password},
  howpublished = {\url{https://linuxconfig.org/recover-reset-forgotten-linux-root-password}},
  note = {Accessed: 2016-10-13}
}

