@misc{wiki,
  title = {RAID (informatique)},
  howpublished = {\url{https://fr.wikipedia.org/wiki/RAID_(informatique)}},
  note = {Accessed: 2016-10-08}
}

@misc{ccm,
  title = {Le RAID c'est quoi ?},
  howpublished = {\url{http://www.commentcamarche.net/faq/159-le-raid-c-est-quoi}},
  note = {Accessed: 2016-10-08}
}

@misc{vulg,
  title = {Le RAID},
  howpublished = {\url{http://www.vulgarisation-informatique.com/raid.php}},
  note = {Accessed: 2016-10-08}
}
